\bibliographystyle{./IEEEtran}
\bibliography{./IEEEabrv,./mybibi}


%A8
@book{a8book,
place={New York},
title={Problem-solving methods in artificial intelligence},
publisher={McGraw-Hill Book Co.},
author={Nilsson, Nils J},
year={1971}
}
%intro
%1
@techreport{SUNGRIN,
  title={High Penetration Solar PV Deployment Sunshine State Solar Grid Initiative (SUNGRIN)},
  author={Meeker, Rick and Steurer, Mischa and Faruque, MD and Langston, James and Schoder, Karl and Ravindra, Harsha and Hariri, Ali and Moaveni, Houtan and Click, Dave and Reedy, Bob},
  year={2015},
  institution={Florida State University}
}


%2
@techreport{denholm2016path,
  title={On the Path to SunShot. Emerging Issues and Challenges in Integrating High Levels of Solar into the Electrical Generation and Transmission System},
  author={Denholm, Paul and Clark, Kara and O'Connell, Matt},
  year={2016},
  institution={National Renewable Energy Lab.(NREL), Golden, CO (United States)}
}


%3
@ARTICLE{rt_shi_2017, 
author={W. Shi and N. Li and C. C. Chu and R. Gadh}, 
journal={IEEE Transactions on Smart Grid}, 
title={Real-Time Energy Management in Microgrids}, 
year={2017}, 
volume={8}, 
number={1}, 
pages={228-238}, 
doi={10.1109/TSG.2015.2462294}, 
ISSN={1949-3053}, 
month={Jan},}

%4
@ARTICLE{Off_1, 
author={H. Geramifar and M. Shahabi and T. Barforoshi}, 
journal={IET Renewable Power Generation}, 
title={Coordination of energy storage systems and DR resources for optimal scheduling of microgrids under uncertainties}, 
year={2017}, 
volume={11}, 
number={2}, 
pages={378-388}, 
doi={10.1049/iet-rpg.2016.0094}, 
ISSN={1752-1416}, 
month={},}

%5
@ARTICLE{off_2, 
author={R. Palma-Behnke and C. Benavides and F. Lanas and B. Severino and L. Reyes and J. Llanos and D. Sáez}, 
journal={IEEE Transactions on Smart Grid}, 
title={A Microgrid Energy Management System Based on the Rolling Horizon Strategy}, 
year={2013}, 
volume={4}, 
number={2}, 
pages={996-1006}, 
doi={10.1109/TSG.2012.2231440}, 
ISSN={1949-3053}, 
month={June},}

%6
@ARTICLE{off_3, 
author={A. Khodaei}, 
journal={IEEE Transactions on Power Systems}, 
title={Microgrid Optimal Scheduling With Multi-Period Islanding Constraints}, 
year={2014}, 
volume={29}, 
number={3}, 
pages={1383-1392}, 
doi={10.1109/TPWRS.2013.2290006}, 
ISSN={0885-8950}, 
month={May},}

%7
@ARTICLE{off_4, 
author={W. Shi and X. Xie and C. C. Chu and R. Gadh}, 
journal={IEEE Transactions on Smart Grid}, 
title={Distributed Optimal Energy Management in Microgrids}, 
year={2015}, 
volume={6}, 
number={3}, 
pages={1137-1146}, 
doi={10.1109/TSG.2014.2373150}, 
ISSN={1949-3053}, 
month={May},}

%8
@ARTICLE{ous_1, 
author={F. Farzan and M. A. Jafari and R. Masiello and Y. Lu}, 
journal={IEEE Transactions on Smart Grid}, 
title={Toward Optimal Day-Ahead Scheduling and Operation Control of Microgrids Under Uncertainty}, 
year={2015}, 
volume={6}, 
number={2}, 
pages={499-507}, 
keywords={decision making;distributed power generation;integer programming;power distribution control;power generation control;power generation scheduling;power markets;stochastic programming;deterministic mixed integer programming;microgrid;operation control model;operational volatility;optimal day-ahead scheduling;risk neutral option;risk-averse option;risk-based decision-making;stochastic programming optimization model;wholesale market;Electricity;Indexes;Linear programming;Microgrids;Random variables;Stochastic processes;Uncertainty;Microgrid dissimilarity measures;microgrids scheduling and control;risk-based decision-making}, 
doi={10.1109/TSG.2014.2368077}, 
ISSN={1949-3053}, 
month={March},}


%9
@ARTICLE{ous_2, 
author={H. Geramifar and M. Shahabi and T. Barforoshi}, 
journal={IET Renewable Power Generation}, 
title={Coordination of energy storage systems and DR resources for optimal scheduling of microgrids under uncertainties}, 
year={2017}, 
volume={11}, 
number={2}, 
pages={378-388}, 
keywords={autoregressive moving average processes;demand side management;distributed power generation;energy storage;incentive schemes;integer programming;linear programming;power generation scheduling;wind power;DER;IBM ILOG CPLEX;autoregressive moving-average method;day-ahead scheduling;distributed energy resources;energy management systems;energy price;energy storage systems;fast-forward technique;grid-connected modes;incentive-based demand response programmes;load demand;microgrid master controller;microgrids;mixed-integer linear programming approach;price-based demand response programmes;real-time electricity price;real-time market;stand-alone modes;wind energy;wind power generation}, 
doi={10.1049/iet-rpg.2016.0094}, 
ISSN={1752-1416}, 
month={},}

%10
@ARTICLE{ous_3, 
author={Y. Xiang and J. Liu and Y. Liu}, 
journal={IEEE Transactions on Smart Grid}, 
title={Robust Energy Management of Microgrid With Uncertain Renewable Generation and Load}, 
year={2016}, 
volume={7}, 
number={2}, 
pages={1034-1043}, 
keywords={Monte Carlo methods;Taguchi methods;distributed power generation;energy management systems;optimisation;renewable energy sources;Monte Carlo verification;OA testing method;RG;Taguchi orthogonal array testing method;electricity price exchange;microgrid;optimization problem;scenario-based robust energy management method;total exchange cost maximization;uncertain load;uncertain renewable generation;worst-case scenario;Energy management;Load modeling;Microgrids;Optimization;Robustness;Testing;Uncertainty;Exchange electricity price;microgrid;optimization;orthogonal array (OA);scenarios}, 
doi={10.1109/TSG.2014.2385801}, 
ISSN={1949-3053}, 
month={March},}
















%%%%%%%%%%%%%%%%%%%%%%%%%%%%%%%%%%%%%%%%%%%%%%%%%%%%%%%%%%%%%%%%%%%%%%%%%%%%%%%%%%%%%%%%%%%%%%%%%%%%%%%%%


@article{eid2016control,
  title={Control methods and objectives for electronically coupled distributed energy resources in microgrids: A review},
  author={Eid, Bilal M and Rahim, Nasrudin Abd and Selvaraj, Jeyraj and El Khateb, Ahmad H},
  journal={IEEE Systems Journal},
  volume={10},
  number={2},
  pages={446--458},
  year={2016},
  publisher={IEEE}
}
@techreport{denholm2016path,
  title={On the Path to SunShot. Emerging Issues and Challenges in Integrating High Levels of Solar into the Electrical Generation and Transmission System},
  author={Denholm, Paul and Clark, Kara and O'Connell, Matt},
  year={2016},
  institution={National Renewable Energy Lab.(NREL), Golden, CO (United States)}
}
@article{kann2016solar,
  title={Solar Market Insight Report 2016 Q3,”},
  author={Kann, Shayle and Shiao, MJ and Honeyman, C and Perea, A and Jones, J and Smith, C and Gallagher, B and Moskowitz, S and Baca, J and Rumery, S and others},
  journal={Solar Energy Industries Association},
  year={2016}
}


%%%%%added_by_alvi%%%%%%%%



%1
@ARTICLE{6872821, 
author={Z. Wang and B. Chen and J. Wang and M. M. Begovic and C. Chen}, 
journal={IEEE Transactions on Smart Grid}, 
title={Coordinated Energy Management of Networked Microgrids in Distribution Systems}, 
year={2015}, 
volume={6}, 
number={1}, 
pages={45-53}, 
keywords={distributed power generation;energy management systems;power distribution control;base generation setpoints;centralized control;control strategy;coordinated energy management;coordinated operation;deterministic formulation;distribution network operator;distribution systems;generation outputs;networked microgrids;nondispatchable distributed generators;operation costs;scenario reduction method;stochastic bi-level problem;stochastic formulation;Biological system modeling;Electricity;Energy management;Mathematical model;Optimization;Stochastic processes;Uncertainty;Distributed generator (DG);Microgrid (MG);distribution network;mathematical program with complementarity constraints (MPCC);microgrid (MG)}, 
doi={10.1109/TSG.2014.2329846}, 
ISSN={1949-3053}, 
month={Jan},}


%2
@ARTICLE{6839110, 
author={A. Khodaei}, 
journal={IEEE Transactions on Smart Grid}, 
title={Resiliency-Oriented Microgrid Optimal Scheduling}, 
year={2014}, 
volume={5}, 
number={4}, 
pages={1584-1591}, 
keywords={distributed power generation;minimisation;power generation economics;power generation scheduling;adjustable loads scheduling;grid supply interruption;load curtailment reduction;local load supply;microgrid load curtailment minimization;nondispatchable generation;numerical simulations;power system resiliency;resiliency-oriented microgrid optimal scheduling model;robust optimization method;storage scheduling;unit commitment;Energy storage;Islanding;Load modeling;Microgrids;Optimal scheduling;Schedules;Uncertainty;Adjustable load;distributed energy resource (DER);microgrid optimal scheduling;normal and resilient operation;resiliency}, 
doi={10.1109/TSG.2014.2311465}, 
ISSN={1949-3053}, 
month={July},}


%3
@ARTICLE{7010943, 
author={Y. Xiang and J. Liu and Y. Liu}, 
journal={IEEE Transactions on Smart Grid}, 
title={Robust Energy Management of Microgrid With Uncertain Renewable Generation and Load}, 
year={2016}, 
volume={7}, 
number={2}, 
pages={1034-1043}, 
keywords={Monte Carlo methods;Taguchi methods;distributed power generation;energy management systems;optimisation;renewable energy sources;Monte Carlo verification;OA testing method;RG;Taguchi orthogonal array testing method;electricity price exchange;microgrid;optimization problem;scenario-based robust energy management method;total exchange cost maximization;uncertain load;uncertain renewable generation;worst-case scenario;Energy management;Load modeling;Microgrids;Optimization;Robustness;Testing;Uncertainty;Exchange electricity price;microgrid;optimization;orthogonal array (OA);scenarios}, 
doi={10.1109/TSG.2014.2385801}, 
ISSN={1949-3053}, 
month={March},}



%4
@ARTICLE{7194795, 
author={W. Shi and N. Li and C. C. Chu and R. Gadh}, 
journal={IEEE Transactions on Smart Grid}, 
title={Real-Time Energy Management in Microgrids}, 
year={2017}, 
volume={8}, 
number={1}, 
pages={228-238}, 
keywords={Lyapunov methods;distributed power generation;energy management systems;load flow;optimisation;power distribution economics;power grids;Lyapunov optimization;day-ahead scheduling;demand forecasting;microgrid EMS;offline optimization problem;operational constraint;power distribution network;power market;real-time energy management;renewable forecasting;stochastic optimal power flow problem;Batteries;Energy management;Load modeling;Microgrids;Optimization;Real-time systems;Stochastic processes;Distribution networks;Lyapunov optimization;energy management;microgrids;online algorithms;optimal power flow (OPF);real time}, 
doi={10.1109/TSG.2015.2462294}, 
ISSN={1949-3053}, 
month={Jan},}

%5
@article{meeker2015high,
  title={High Penetration Solar PV Deployment Sunshine State Solar Grid Initiative (SUNGRIN) Final Report},
  author={Meeker, Rick and Steurer, Mischa and Faruque, Omar and Li, Hui and Langston, James and Ravindra, Harsha and Schoder, Karl and Bosworth, Matthew and Leonard, Isaac and Soman, Ruturaj and others},
  year={2015}
}

%6
@misc{NYISO2017,
  title = {{N}ew {Y}ork {I}ndependent {S}ervice {O}perator ({NYISO})},
  howpublished = {\url{http://www.nyiso.com/public/markets_operations/market_data/pricing_data/index.jsp}},
  note = {Accessed: 2017-07-12}
}

@inproceedings{sun2014joint,
  title={Joint supply, demand, and energy storage management towards microgrid cost minimization},
  author={Sun, Sun and Dong, Min and Liang, Ben},
  booktitle={Smart Grid Communications (SmartGridComm), 2014 IEEE International Conference on},
  pages={109--114},
  year={2014},
  organization={IEEE}
}

@inproceedings{huang2013adaptive,
  title={Adaptive electricity scheduling in microgrids},
  author={Huang, Yingsong and Mao, Shiwen and Nelms, R Mark},
  booktitle={INFOCOM, 2013 Proceedings IEEE},
  pages={1142--1150},
  year={2013},
  organization={IEEE}
}

@article{salinas2013dynamic,
  title={Dynamic energy management for the smart grid with distributed energy resources},
  author={Salinas, Sergio and Li, Ming and Li, Pan and Fu, Yong},
  journal={IEEE Transactions on Smart Grid},
  volume={4},
  number={4},
  pages={2139--2151},
  year={2013},
  publisher={IEEE}
}



@article{yu2016real,
  title={A real-time demand-response algorithm for smart grids: A stackelberg game approach},
  author={Yu, Mengmeng and Hong, Seung Ho},
  journal={IEEE Transactions on Smart Grid},
  volume={7},
  number={2},
  pages={879--888},
  year={2016},
  publisher={IEEE}
}

@article{soares2017active,
  title={Active Distribution Grid Management based on Robust {AC} Optimal Power Flow},
  author={Soares, Tiago and Bessa, Ricardo J and Pinson, Pierre and Morais, Hugo},
  journal={IEEE Transactions on Smart Grid},
  year={2017},
  publisher={IEEE}
}

@article{janakiraman2016elm,
  title={An ELM based predictive control method for HCCI engines},
  author={Janakiraman, Vijay Manikandan and Nguyen, XuanLong and Assanis, Dennis},
  journal={Engineering Applications of Artificial Intelligence},
  volume={48},
  pages={106--118},
  year={2016},
  publisher={Elsevier}
}
@inproceedings{qin1997overview,
  title={An overview of industrial model predictive control technology},
  author={Qin, S Joe and Badgwell, Thomas A},
  booktitle={AIChE Symposium Series},
  volume={93},
  number={316},
  pages={232--256},
  year={1997},
  organization={New York, NY: American Institute of Chemical Engineers, 1971-c2002.}
}
@book{berber2012nonlinear,
  title={Nonlinear model based process control},
  author={Berber, Ridvan and Kravaris, Costas},
  volume={353},
  year={2012},
  publisher={Springer Science \& Business Media}
}
@book{grancharova2012explicit,
  title={Explicit nonlinear model predictive control: Theory and applications},
  author={Grancharova, Alexandra and Johansen, Tor Arne},
  volume={429},
  year={2012},
  publisher={Springer Science \& Business Media}
}
@article{reese2016graph,
  title={A graph search and neural network approach to adaptive nonlinear model predictive control},
  author={Reese, Brandon M and Collins, Emmanuel G},
  journal={Engineering Applications of Artificial Intelligence},
  volume={55},
  pages={250--268},
  year={2016},
  publisher={Elsevier}
}
@article{di1997neural,
  title={Neural generalized predictive control: A Newton-Raphson implementation},
  author={DI, Soloway and PJ, Haley},
  year={1997},
  publisher={NASA Langley Technical Report Server}
}
@article{hart1968formal,
  title={A formal basis for the heuristic determination of minimum cost paths},
  author={Hart, Peter E and Nilsson, Nils J and Raphael, Bertram},
  journal={IEEE transactions on Systems Science and Cybernetics},
  volume={4},
  number={2},
  pages={100--107},
  year={1968},
  publisher={IEEE}
}
@book{maciejowski2002predictive,
  title={Predictive control: with constraints},
  author={Maciejowski, Jan Marian},
  year={2002},
  publisher={Pearson education}
}
@inproceedings{liotta1997real,
  title={Real-time estimation and control of particle size in semi-batch emulsion polymerization},
  author={Liotta, Vincenzo and Georgakis, Christos and El-Aasser, Mohamed S},
  booktitle={American Control Conference, 1997. Proceedings of the 1997},
  volume={2},
  pages={1172--1176},
  year={1997},
  organization={IEEE}
}
@inproceedings{thomas1994shrinking,
  title={Shrinking horizon model predictive control applied to autoclave curing of composite laminate materials},
  author={Thomas, Matthew M and Kardos, JL and Joseph, B},
  booktitle={American Control Conference, 1994},
  volume={1},
  pages={505--509},
  year={1994},
  organization={IEEE}
}
@techreport{sungrin,
  title={High Penetration Solar PV Deployment Sunshine State Solar Grid Initiative (SUNGRIN)},
  author={Meeker, Rick and Steurer, Mischa and Faruque, MD and Langston, James and Schoder, Karl and Ravindra, Harsha and Hariri, Ali and Moaveni, Houtan and Click, Dave and Reedy, Bob},
  year={2015},
  institution={Florida State University}
}
@misc{nrel,
  title = {National Solar Radiation Database (NSRDB)},
  howpublished = "\url{https://nsrdb.nrel.gov/}",
  note = {Accessed: 2017-07-12}
}
@inproceedings{res,
  title={Economic dispatch algorithm considering battery degradation characteristic of energy storage system with PV system},
  author={Eom, Ju-Kyoung and Lee, Soon-Ryung and Ha, Eun-Jung and Choi, Bong-Yeon and Won, Chung-Yuen},
  booktitle={Electrical Machines and Systems (ICEMS), 2014 17th International Conference on},
  pages={849--854},
  year={2014},
  organization={IEEE}
}
@misc{tallahassee,
  title = {{T}allahassee {E}lectric {U}tilities, {C}ity of {T}allahassee},
  howpublished = {\url{https://www.talgov.com/you/you-electric.aspx}},
  note = {Accessed: 2017-07-12}
}

@article{koenig2004lifelong,
  title={Lifelong planning {A}$^*$},
  author={Koenig, Sven and Likhachev, Maxim and Furcy, David},
  journal={Artificial Intelligence},
  volume={155},
  number={1-2},
  pages={93--146},
  year={2004},
  publisher={Elsevier}
}

@article{hart1968formal,
  title={A formal basis for the heuristic determination of minimum cost paths},
  author={Hart, Peter E and Nilsson, Nils J and Raphael, Bertram},
  journal={IEEE transactions on Systems Science and Cybernetics},
  volume={4},
  number={2},
  pages={100--107},
  year={1968},
  publisher={IEEE}
}

@article{wolsey2008mixed,
  title={Mixed integer programming},
  author={Wolsey, Laurence A},
  journal={Wiley Encyclopedia of Computer Science and Engineering},
  year={2008},
  publisher={Wiley Online Library}
}

@inproceedings{dunlap2010nonlinear,
  title={Nonlinear model predictive control using sampling and goal-directed optimization},
  author={Dunlap, Damion D and Caldwell, Charmane V and Collins, Emmanuel G},
  booktitle={Control Applications (CCA), 2010 IEEE International Conference on},
  pages={1349--1356},
  year={2010},
  organization={IEEE}
}

@book{dunlap2011book,
  title={Motion Planning for Mobile Robots via Sampling-Based Model Predictive Optimization},
  author={Dunlap, Damion D and Caldwell, Charmane V and Collins, Emmanuel G and Chuy, Oscar},
  editor={Topolov, Andon Venelinov},
  year={2012},
  publisher={InTech}
}


